
@book{Pontry,
  title={Towards a theory of optimal processes, (Russian)},
  author={V.G. Boltyanskii, R.V. Gamkrelidze., L.S. Pontryagin},
  publisher={Reports Acad. Sci. USSR, vol.110(1)},
  year = {1956},
}


@article{AngChong,
  title={PID control system analysis, design, and technology},
  author={Ang, K.H., Chong, G.C.Y., and Li, Y.},
  year={2005},
  publisher={IEEE Trans Control Systems Tech, 13(4), pp.559-576.}
}

@article{Bennett,
  title={A history of control engineering, 1800-1930},
  author={Bennett, Stuart},
  year={1986},
  publisher={IET. pp. 142–148. ISBN 978-0-86341-047-5.}
}

@article{Coriolis,
  title={Mémoire sur les équations du mouvement relatif des systèmes de corps.},
  author={Coriolis, G.G.},
  year={1835},
  publisher={Journal de l'école Polytechnique, Vol 15, 142–154}
}



@book{Hestenes,
  title={New Foundations for Classical Mechanics.},
  author={Hestenes, David},
  year={1990},
  publisher={The Netherlands: Kluwer Academic Publishers. p. 312. ISBN 90-277-2526-8.}
}



@book{LEuler,
  title={Methodus Inveniendi Lineas Curvas Maximi Minimive Proprietate Gaudentes sive Solutio Problematis Isoperimetrici Latissimo Sensu Accepti (The Method of Finding Plane Curves that Show Some Property of Maximum or Minimum.},
  author={L.Euler},
  year={1744}
}
%), Laussanne and Geneva, 1744, also in L. Euler, Opera Omnia I, Vol. XXIV, C. Carathéodory, ed. Bern, 1952)


@book{JBernoulli,
  title={Bending of light rays in transparent non-uniform media and the Solution to the problem of determing the Brachistochrone curve},
  author={J. Bernoulli},
  year={1697}
}


@book{bone2004unmanned,
  title={Unmanned aerial vehicles: background and issues},
  author={Bone, Elizabeth and Bolkcom, Christopher C},
  year={2004},
  publisher={Nova Science Pub Incorporated}
}



@book{BrysonHo69,
  added-at = {2008-09-16T23:39:07.000+0200},
  address = {New York},
  author = {Bryson, A. E. and Ho, Y. C.},
  biburl = {http://www.bibsonomy.org/bibtex/27d13cce517ce39632aeabf713bc6fbeb/brian.mingus},
  booktitle = {Applied Optimal Control},
  description = {CCNLab BibTeX},
  interhash = {3f3142a9345a8acc8c96f47a01da5372},
  intrahash = {7d13cce517ce39632aeabf713bc6fbeb},
  keywords = {nnets},
  publisher = {Blaisdell},
  timestamp = {2008-09-16T23:39:07.000+0200},
  title = {Applied Optimal Control},
  year = 1969
}

@book{lewis2012optimal,
  title={Optimal control},
  author={Lewis, Frank L and Vrabie, Draguna and Syrmos, Vassilis L},
  year={2012},
  publisher={Wiley. com}
}


@article{Luukkonen,
	Abstract = {Independent research project in applied mathematics},
	Author = {Teppo Luukkonen},
	Journal = {Aalto University},
	Month = {August},
	Title = {Modelling and control of quadcopter},
	Url = {},
	Year = {2011}}

@article{kendoul2010guidance,
  title={Guidance and nonlinear control system for autonomous flight of minirotorcraft unmanned aerial vehicles},
  author={Kendoul, Farid and Yu, Zhenyu and Nonami, Kenzo},
  journal={Journal of Field Robotics},
  volume={27},
  number={3},
  pages={311--334},
  year={2010},
  publisher={Wiley Online Library}
}

@article{lara2006real,
  title={Real-Time Embedded Control System for VTOL Aircrafts: Application to stabilize a quad-rotor helicopter},
  author={Lara, David and Sanchez, Anand and Lozano, Rogelio and Castillo, P},
  booktitle={Computer Aided Control System Design, 2006 IEEE International Conference on Control Applications, 2006 IEEE International Symposium on Intelligent Control, 2006 IEEE},
  pages={2553--2558},
  year={2006},
  organization={IEEE}
}



@inproceedings{hoffmann2008quadrotor,
  title={Quadrotor helicopter trajectory tracking control},
  author={Hoffmann, Gabriel M and Waslander, Steven L and Tomlin, Claire J},
  booktitle={AIAA Guidance, Navigation and Control Conference and Exhibit, Honolulu, Hawaii},
  pages={1--14},
  Url = {http://citeseerx.ist.psu.edu/viewdoc/download?doi=10.1.1.216.6804&rep=rep1&type=pdf},
  year={2008}
}


@article{erginer2007modeling,
  title="Modeling and PD control of a quadrotor VTOL vehicle",
  author="Erginer, Bora and Altug, Erdinc",
  booktitle={Intelligent Vehicles Symposium, 2007 IEEE},
  pages={894--899},
  year={2007},
  organization={IEEE}
}

%  Url = {http://web.itu.edu.tr/~altuger/Documents/Papers/IV2007.pdf}
%}


@inproceedings{bouktir2008trajectory,
  title={Trajectory planning for a quadrotor helicopter},
  author={Bouktir, Y and Haddad, M and Chettibi, T},
  booktitle={Control and Automation, 2008 16th Mediterranean Conference on},
  pages={1258--1263},
  year={2008},
  organization={IEEE},
  Url = {http://www.researchgate.net/publication/4362560_Trajectory_planning_for_a_quadrotor_helicopter/file/50463516d69ebe62ae.pdf}
}


@article{bouabdallah2004pid,
  title={PID vs LQ control techniques applied to an indoor micro quadrotor},
  author={Bouabdallah, Samir and Noth, Andre and Siegwart, Roland},
  booktitle={Intelligent Robots and Systems, 2004.(IROS 2004). Proceedings. 2004 IEEE/RSJ International Conference on},
  volume={3},
  pages={2451--2456},
  year={2004},
  organization={IEEE},
  Url = {http://citeseerx.ist.psu.edu/viewdoc/download?rep=rep1&type=pdf&doi=10.1.1.149.6169}
}

@article{zhang2011multi,
  title={Multi-Sensory Motion Estimation and Control of an Autonomous Quadrotor},
  author={Zhang, Tianguang and Li, Wei and K{\"u}hnlenz, Kolja and Buss, Martin},
  journal={Advanced Robotics},
  volume={25},
  number={11-12},
  pages={1493--1514},
  year={2011},
  publisher={Taylor \& Francis}
}


@article{kendoul2007real,
  title={Real-time nonlinear embedded control for an autonomous quadrotor helicopter},
  author={Kendoul, Farid and Lara, David and Fantoni, Isabelle and Lozano, R},
  journal={Journal of guidance, control, and dynamics},
  volume={30},
  number={4},
  pages={1049--1061},
  year={2007},
  Url = {http://www.ict.csiro.au/staff/farid.kendoul/AIAA-JGCD-2007.pdf}
}


@inproceedings{lara2006real,
  title={Real-Time Embedded Control System for VTOL Aircrafts: Application to stabilize a quad-rotor helicopter},
  author={Lara, David and Sanchez, Anand and Lozano, Rogelio and Castillo, P},
  booktitle={Computer Aided Control System Design, 2006 IEEE International Conference on Control Applications, 2006 IEEE International Symposium on Intelligent Control, 2006 IEEE},
  pages={2553--2558},
  year={2006},
  organization={IEEE}
}




@article{zuo2010trajectory,
  title={Trajectory tracking control design with command-filtered compensation for a quadrotor},
  author={Zuo, Z},
  journal={Control Theory \& Applications, IET},
  volume={4},
  number={11},
  pages={2343--2355},
  year={2010},
  publisher={IET}
}


@book{kirk70,
    title={Optimal Control Theory: An Introduction},
    author={Donald. E. Kirk},
    publisher={ Engle-Wood Cliffs, N.J. Prentice-Hall, 1970, 452 pp.}
    }


@book{cornelius1970variational,
  title={The variational principles of mechanics},
  author={Cornelius Lanczos},
  volume={4},
  year={1970},
  publisher={Courier Dover Publications}
}


@book{keller1992numerical,
  title={Numerical methods for two-point boundary-value problems},
  author={Keller, Herbert Bishop},
  year={1992},
  publisher={Dover Publications New York, NY}
}

@book{rao2009engineering,
  title={Engineering optimization: theory and practice},
  author={Rao, Singiresu S and Rao, SS},
  year={2009},
  publisher={John Wiley \& Sons}
}

@book{locatelli2001optimal,
  title={Optimal control: An introduction},
  author={Locatelli, Arturo},
  year={2001},
  publisher={Springer}
}


@misc{richard1988douglas,
  title={Douglas Faires, Numerical analysis},
  author={Richard, L and Burden, J},
  year={1988},
  publisher={PWS Publishing Co., Boston, MA}
}

@book{athans2006optimal,
  title={Optimal control: an introduction to the theory and its applications},
  author={Athans, Michael and Falb, Peter L},
  year={2006},
  publisher={Courier Dover Publications}
}

@book{rao2001applied,
  title={Applied numerical methods for engineers and scientists},
  author={Rao, Singiresu S},
  year={2001},
  publisher={Prentice Hall Professional Technical Reference}
}

@book{khalil2002nonlinear,
  title={Nonlinear systems},
  author={Khalil, Hassan K and Grizzle, JW},
  volume={3},
  year={2002},
  publisher={Prentice hall Upper Saddle River}
}

@book{marion1995classical,
  title={Classical dynamics of particles and systems},
  author={Marion, Jerry B and Thornton, Stephen T},
  year={1995},
  publisher={Saunders College Pub.}
}


@inproceedings{langelaan2007long,
  title={Long distance/duration trajectory optimization for small uavs},
  author={Langelaan, Jack W},
  booktitle={AIAA Guidance, Navigation and Control Conference and Exhibit},
  year={2007}
}


@article{klesh2009solar,
  title={Solar-powered aircraft: Energy-optimal path planning and perpetual endurance},
  author={Klesh, Andrew T and Kabamba, Pierre T},
  journal={Journal of guidance, control, and dynamics},
  volume={32},
  number={4},
  pages={1320--1329},
  year={2009}
}


@inproceedings{lawrance2009guidance,
  title={A guidance and control strategy for dynamic soaring with a gliding UAV},
  author={Lawrance, Nicholas RJ and Sukkarieh, Salah},
  booktitle={Robotics and Automation, 2009. ICRA'09. IEEE International Conference on},
  pages={3632--3637},
  year={2009},
  organization={IEEE}
}


@inproceedings{o2006reducing,
  title={Reducing energy costs by optimizing controller tuning},
  author={O'Dwyer, Aidan},
  booktitle={Conference papers},
  pages={66},
  year={2006}
}
@article{ziegler1942optimum,
  title={Optimum settings for automatic controllers},
  author={Ziegler, JG and Nichols, NB},
  journal={trans. ASME},
  volume={64},
  number={11},
  year={1942}
}

@ONLINE{znw:2014:Online,
author = {wikipedia},
title = {Ziegler-Nichols-method {@ONLINE}},
month = April,
year = {2014},
url = {http://en.wikipedia.org/wiki/Ziegler-Nichols_method}
}

@ONLINE{airware:2014:Online,
author = {Airware},
title= {Airware{@ONLINE}},
month = April,
year = {2014},
url = {http://www.airware.com/}
}

@ONLINE{diydrones:2014:Online,
author = {diydrones},
title= {diydrones{@ONLINE}},
month = April,
year = {2014},
url = {http://diydrones.com/}
}

@ONLINE{faa:2014:Online,
author = {faa},
title= {faa{@ONLINE}},
month = April,
year = {2014},
url = {http://www.faa.gov/about/initiatives/uas/}
}


@book{bequette2003process,
  title={Process control: modeling, design, and simulation},
  author={Bequette, B Wayne},
  year={2003},
  publisher={Prentice Hall Professional}
}

